<?xml version="1.0" encoding="UTF-8"?><record xmlns="http://www.loc.gov/MARC21/slim" xmlns:cinclude="http://apache.org/cocoon/include/1.0" xmlns:zs="http://www.loc.gov/zing/srw/">
  <leader>00414nz  a2200133n  4500</leader>
  <controlfield tag="001">no2006051768</controlfield>
  <controlfield tag="003">DLC</controlfield>
  <controlfield tag="005">20060520071026.0</controlfield>
  <controlfield tag="008">060420n| acannaabn          |n ana     c</controlfield>
  <datafield tag="010" ind1=" " ind2=" ">
    <subfield code="a">no2006051768</subfield>
  </datafield>
  <datafield tag="035" ind1=" " ind2=" ">
    <subfield code="a">(OCoLC)oca06943951</subfield>
  </datafield>
  <datafield tag="040" ind1=" " ind2=" ">
    <subfield code="a">OBgU-MA</subfield>
    <subfield code="b">eng</subfield>
    <subfield code="c">OBgU-MA</subfield>
  </datafield>
  <datafield tag="110" ind1="2" ind2=" ">
    <subfield code="a">Unione Corale Senese</subfield>
  </datafield>
  <datafield tag="670" ind1=" " ind2=" ">
    <subfield code="a">Unione Bandistica Senese. Inni delle contrade del Palio di Siena [SR] 1965:</subfield>
    <subfield code="b">container (Unione Corale Senese)</subfield>
  </datafield>
</record>